<record><leader>00000cas a2200000 i 4500</leader><controlfield tag="001">972351221</controlfield><controlfield tag="008">170213d19961997scuwr ne      0    0eng c</controlfield><datafield ind1=" " ind2=" " tag="010"><subfield code="a">  2017226254</subfield></datafield><datafield ind1=" " ind2=" " tag="040"><subfield code="a">SUC</subfield><subfield code="b">eng</subfield><subfield code="e">rda</subfield><subfield code="c">SUC</subfield><subfield code="d">SUC</subfield><subfield code="d">OCLCF</subfield></datafield><datafield ind1=" " ind2=" " tag="042"><subfield code="a">pcc</subfield></datafield><datafield ind1=" " ind2=" " tag="043"><subfield code="a">n-us-sc</subfield></datafield><datafield ind1="0" ind2="4" tag="245"><subfield code="a">The Whitmire news and journal.</subfield></datafield><datafield ind1="3" ind2="0" tag="246"><subfield code="a">News and journal</subfield></datafield><datafield ind1="3" ind2="0" tag="246"><subfield code="a">Whitmire journal</subfield></datafield><datafield ind1=" " ind2="1" tag="264"><subfield code="a">Whitmire, S.C. :</subfield><subfield code="b">Published by Turner Publishing Company</subfield></datafield><datafield ind1=" " ind2=" " tag="300"><subfield code="a">volumes</subfield></datafield><datafield ind1=" " ind2=" " tag="310"><subfield code="a">Weekly</subfield></datafield><datafield ind1=" " ind2=" " tag="336"><subfield code="a">text</subfield><subfield code="2">rdacontent</subfield></datafield><datafield ind1=" " ind2=" " tag="337"><subfield code="a">unmediated</subfield><subfield code="2">rdamedia</subfield></datafield><datafield ind1=" " ind2=" " tag="338"><subfield code="a">volume</subfield><subfield code="2">rdacarrier</subfield></datafield><datafield ind1="1" ind2=" " tag="362"><subfield code="a">Began with April 3, 1996; ceased with December 17, 1997.</subfield></datafield><datafield ind1=" " ind2=" " tag="588"><subfield code="a">Description based on: Vol. 1, No. 1 (April 3, 1996); title from masthead.</subfield></datafield><datafield ind1=" " ind2=" " tag="588"><subfield code="a">Latest issue consulted: December 17, 1997.</subfield></datafield><datafield ind1=" " ind2="0" tag="651"><subfield code="a">Whitmire (S.C.)</subfield><subfield code="v">Newspapers.</subfield></datafield><datafield ind1=" " ind2="0" tag="651"><subfield code="a">Newberry County (S.C.)</subfield><subfield code="v">Newspapers.</subfield></datafield><datafield ind1=" " ind2="7" tag="655"><subfield code="a">Newspapers.</subfield><subfield code="2">fast</subfield><subfield code="0">(OCoLC)fst01423814</subfield></datafield><datafield ind1=" " ind2="7" tag="651"><subfield code="a">South Carolina</subfield><subfield code="z">Newberry County.</subfield><subfield code="2">fast</subfield><subfield code="0">(OCoLC)fst01208075</subfield></datafield><datafield ind1=" " ind2="7" tag="651"><subfield code="a">South Carolina</subfield><subfield code="z">Whitmire.</subfield><subfield code="2">fast</subfield><subfield code="0">(OCoLC)fst01224024</subfield></datafield><datafield ind1=" " ind2=" " tag="752"><subfield code="a">United States</subfield><subfield code="b">South Carolina</subfield><subfield code="c">Newberry</subfield><subfield code="d">Whitmire.</subfield></datafield><datafield ind1="0" ind2="0" tag="785"><subfield code="t">Whitmire news (Whitmire, S.C. : 1998)</subfield><subfield code="w">(DLC)  2017226255</subfield><subfield code="w">(OCoLC)317950904</subfield></datafield></record>